@article{IceCube_Instrumentation,
    author = {Aartsen, M.G. and others},
    collaboration = "IceCube",
    year = {2017},
    title = {{The IceCube Neutrino Observatory: Instrumentation and Online Systems}},
    journal = {JINST},
    doi = {10.1088/1748-0221/12/03/P03012}
}

@article{IceCube_Resolution2021,
    author = "Abbasi, R. and others",
    collaboration = "IceCube",
    title = "{A muon-track reconstruction exploiting stochastic losses for large-scale Cherenkov detectors}",
    eprint = "2103.16931",
    archivePrefix = "arXiv",
    primaryClass = "hep-ex",
    doi = "10.1088/1748-0221/16/08/P08034",
    journal = "JINST",
    volume = "16",
    number = "08",
    pages = "P08034",
    year = "2021"
}

@techreport{KM3NeT_Design,
    author = "Bagley, P. and others",
    collaboration = "KM3NeT",
    title = "{KM3NeT:
        Technical Design Report for a Deep-Sea
        Research Infrastructure in the
        Mediterranean Sea Incorporating a
        Very Large Volume Neutrino Telescope}",
    year = "2010",
    isbn = {978-90-6488-033-9}
}

@article{KM3NeT_Resolution2021,
    author = "on behalf of the KM3NeT collaboration and B. Caiffi and A. Garcia 
    Soto and A. Heijboer and V. Kulikovskiy and R.S. Muller and M. Sanguineti",
    collaboration = "KM3NeT",
    title = "Sensitivity estimates for diffuse, point-like, and extended neutrino sources with {KM3NeT/ARCA}",
    journal = "JINST",
    volume = "16",
    number = "09",
    year = "2021",
    pages = "C09030",
    doi = "10.1088/1748-0221/16/09/c09030"
}

@article{KM3NeT_Resolution2016,
    title={{KM3NeT} 2.0 Letter of intent for ARCA and ORCA},
    author={Adri{\'a}n-Mart{\'i}nez, Silvia  and others},
    journal={J. Phys. G},
    year={2016},
    doi={10.1088/0954-3899/43/8/084001},
}

@article{koehne2013proposal,
  title     ={{PROPOSAL: A tool for propagation of charged leptons}},
  author    = {Koehne, Jan-Hendrik and
               Frantzen, Katharina and
               Schmitz, Martin and
               Fuchs, Tomasz and
               Rhode, Wolfgang and
               Chirkin, Dmitry and
               Tjus, J Becker},
  journal   = {Comput. Phys. Commun.},
  volume    = {184},
  number    = {9},
  pages     = {2070--2090},
  year      = {2013},
  doi       = {10.1016/j.cpc.2013.04.001}
}

@article{dunsch_2018_proposal_improvements,
  title       = {{Recent Improvements for the Lepton Propagator PROPOSAL}},
  author      = {Dunsch, Mario and
                 Soedingrekso, Jan and
                 Sandrock, Alexander and
                 Meier, Max and
                 Menne, Thorben and
                 Rhode, Wolfgang},
  journal     = {Comput. Phys. Commun.},
  volume      = {242},
  pages       = {132--144},
  year        = {2019},
  eprint      = {1809.07740},
  eprinttype  = {arXiv},
  eprintclass = {hep-ph},
  doi         = {10.1016/j.cpc.2019.03.021}
}

@article{moliere_scattering,
    author = {Gert Moliere},
    doi = {doi:10.1515/zna-1948-0203},
    title = {{Theorie der Streuung schneller geladener Teilchen II Mehrfach-und Vielfachstreuung}},
    journal = {Z. Naturforsch. A},
    number = {2},
    volume = {3},
    year = {1948},
    pages = {78--97}
}

@article{Van_Ginneken,
    author = "Van Ginneken, A.",
    title = "{Energy Loss and Angular Characteristics of High-Energy Electromagnetic Processes}",
    reportNumber = "FERMILAB-PUB-86-033",
    doi = "10.1016/0168-9002(86)91146-0",
    journal = "Nucl. Instrum. Meth. A",
    volume = "251",
    pages = "21",
    year = "1986"
}

@phdthesis{phd_soedingrekso,
    author = "Jan Benjamin Soedingrekso",
    title = "{Systematic Uncertainties of High Energy Muon Propagation using the Leptonpropagator PROPOSAL}", 
    school = "TU Dortmund University",
    year = "2021"
}

@article{comparison_MUSIC_GEANT4_2009,
    title = {{Muon simulation codes MUSIC and MUSUN for underground physics}},
    journal = {Comput. Phys Commun.},
    volume = {180},
    number = {3},
    pages = {339-346},
    year = {2009},
    issn = {0010-4655},
    doi = {https://doi.org/10.1016/j.cpc.2008.10.013},
    author = {V.A. Kudryavtsev}
}

@article{MUSIC,
  author          = {Antonioli, P. and Ghetti, C. and Korolkova, E.V. and Kudryavtsev, V.A. and Sartorelli, G.},
  journal         = {Astropart. Phys.},
  title           = {A three-dimensional code for muon propagation through the rock: {MUSIC}},
  volume          = {7},
  year            = {1997},
  pages           = {357-368},
  doi             = {https://doi.org/10.1016/S0927-6505(97)00035-2}
}

@manual{GEANT4,
  author       = {{Geant4 Collaboration}},
  title        = {Geant4 Physics Reference Manual},
  edition      = {11.0},
  year         = {2021}
}

@ARTICLE{Bremsstrahlung_KKP,
       author = {{Kelner}, S.~R. and {Kokoulin}, R.~P. and {Petrukhin}, A.~A.},
        title = "{Bremsstrahlung from muons scattered by atomic electrons}",
      journal = {Phys. At. Nucl.},
         year = {1997},
       volume = {60},
       number = {4},
        pages = {576-583}
}

@article{epair_kelner,
  author          = {{Kelner}, S.~R.},
  journal         = {Phys. At. Nucl.},
  number          = {3},
  title           = {Pair production in collisions between muons and atomic electrons},
  volume          = {61},
  year            = {1998},
  doi             = {101134/1855093},
  pages           = {448-456}
}

@incollection{epair_kokoulin_petrukhin,
  author = {R. P. Kokoulin and A. A. Petrukhin},
  title = {Influence of the nuclear formfactor on the cross section of
    electron pair production by high-energy muons},
  booktitle = {Proc. 12th Int. Conf. on Cosmic Rays, Hobart 1971},
  volume = 6,
  pages = {2436-2444},
  year = 1971
}

@article{nulcint_bugaev_Shlepin,
  title = {Photonuclear interaction of high energy muons and tau leptons},
  author = {Bugaev, E. V. and Shlepin, Yu. V.},
  journal = {Phys. Rev. D},
  volume = {67},
  issue = {3},
  pages = {034027},
  numpages = {12},
  year = {2003},
  publisher = {American Physical Society},
  doi = {10.1103/PhysRevD.67.034027}
}

@article{MUSIC_updates_1999,
          volume = {471},
          number = {2-3},
          author = {V.A. Kudryavtsev and E.V. Korolkova and N.J.C. Spooner},
           title = {Narrow muon bundles from muon pair production in rock},
       publisher = {Elsevier},
            year = {1999},
         journal = {Phys. Lett. B},
           pages = {251--256}
}

@article{HIGHLAND_1975,
title = {Some practical remarks on multiple scattering},
journal = {Nucl. Instrum. Methods},
volume = {129},
number = {2},
pages = {497-499},
year = {1975},
issn = {0029-554X},
doi = {https://doi.org/10.1016/0029-554X(75)90743-0},
author = {Virgil L. Highland}
}

@article{bugaev_1981_defl,
title = {Nucleon shadowing effects in photonuclear interactions},
author = {Bezrukov, L B and Bugaev, E V},
url = {https://www.osti.gov/biblio/5909968}, 
journal = {Sov. J. Nucl. Phys.},
number = {5},
volume = {33},
pages = {635-641},
year = {1981}
}

@article{bugaev_1980_defl,
  author          = {Bezrukov, L.B. and Bugaev, E.V},
  journal         = {Sov. J. Nucl. Phys.},
  number          = {6},
  title           = {Inelastic muon-nucleon scattering in the diffraction region},
  volume          = {32},
  year            = {1980},
  pages           = {847-852}
}

@article{Borog:1977_inelastic,
    author = "Borog V. V and Kirillov-Ugryumov V. G. and Petrukhin, A. A",
    title = "{Inelastic Interactions of Muons with Fe Nuclei at Small q**2 in the Energy Region Above 200-GeV}",
    journal = "Yad. Fiz.",
    volume = "25",
    pages = "85--93",
    year = "1977"
}

@incollection{Borog:1975_inelastic,
  author          = {Borog V.V. and Petrukhin, A.A},
  booktitle       = {Proc. 14th ICRC, München 1975},
  pages           = {1949–1954},
  title           = {The cross-section of the nuclear interaction of high energy muons},
  volume          = {6},
  year            = {1975}
}

@booklet{KKP_1995,
  author = {S. R. Kelner and R. P. Kokoulin and A. A. Petrukhin},
  title = {{About Cross Section for High-Energy Muon Bremsstrahlung}},
  howpublished= {Preprint MEPhI 024-95},
  address = {Moscow},
  url = "https://cds.cern.ch/record/288828",
  year = {1995}
}


@misc{Abramowicz_1997,
  doi = {10.48550/ARXIV.HEP-PH/9712415},
  author = {Abramowicz, Halina and Levy, Aharon},
  title = {The {ALLM} parameterization of $\sigma_{tot}(\gamma^* p)$ - an update},
  publisher = {arXiv},
  year = {1997}
}

@article{ButkevichMikheyev_2002,
  author          = {Butkevich, V. and Mikheyev, S. P.},
  journal         = {J. Exp. Theor. Phys.},
  title           = {Cross section of the muon-nuclear inelastic interaction},
  volume          = {95},
  year            = {2002},
  doi             = {10.1134/1.1499897},
  pages           = {11-25}
}


@book{Rossi,
  author         = {Rossi, B. B. },
  publisher      = {Prentice-Hall},
  address        = {Englewood Cliffs, N.J.},
  title          = {High-energy particles},
  year           = {1952}
}

@article{attwood_2006,
title = {The scattering of muons in low-{Z} materials},
journal = {Nucl. Instrum. Meth. in Phys. Res. B: Beam Interactions with Materials and Atoms},
volume = {251},
number = {1},
pages = {41-55},
year = {2006},
issn = {0168-583X},
doi = {https://doi.org/10.1016/j.nimb.2006.05.006},
author = {D. Attwood and P. Bell and S. Bull and T. McMahon and J. Wilson and R. Fernow and P. Gruber and A. Jamdagni and K. Long and E. McKigney and P. Savage and M. Curtis-Rouse and T.R. Edgecock and M. Ellis and J. Lidbury and W. Murray and P. Norton and K. Peach and K. Ishida and Y. Matsuda and K. Nagamine and S. Nakamura and G.M. Marshall and S. Benveniste and D. Cline and Y. Fukui and K. Lee and Y. Pischalnikov and S. Holmes and A. Bogacz}
}

@article{pdg,
    author = "Zyla, P.A. and others",
    collaboration = "Particle Data Group",
    title = "{Review of Particle Physics}",
    doi = "10.1093/ptep/ptaa104",
    journal = "PTEP",
    volume = "2020",
    number = "8",
    pages = "083C01",
    year = "2020"
}

@article{GANDHI199681,
title = {Ultrahigh-energy neutrino interactions},
journal = {Astropart. Phys.},
volume = {5},
number = {2},
pages = {81-110},
year = {1996},
issn = {0927-6505},
doi = {https://doi.org/10.1016/0927-6505(96)00008-4},
author = {Raj Gandhi and Chris Quigg and Mary {Hall Reno} and Ina Sarcevic}
}

@mastersthesis{Gutjahr_2021,
  author  = {Pascal Gutjahr},
  school  = {TU Dortmund University},
  title   = {Study of muon deflection angles in the {TeV} energy range with {IceCube}},
  year    = {2021}
}

@article{akimenko_1984,
  author          = {Akimenko, S.A. and Belousov, V.I. and Blik, A.M. and Britvich, G.I. and Kolosov, V.N. and Kutin, V.M. and Lebedev, V.N. and Peleshko, V.N. 
  and Rastzvetalov, Ya.N. and Soloviev, A.S.},
  journal         = {Nucl. Instrum. Meth. in Phys. Res. A},
  volume          = {243},
  title           = {{Multiple Coulomb Scattering of 7.3 and 11.7 GeV/c Muons on a Cu Target}},
  year            = {1986},
  pages           = {518-522}
}

@article{muography,
author = {David Adam},
title = {Muography offers a new way to see inside a multitude of objects},
journal = {PNAS},
volume = {118},
number = {14},
pages = {e2104652118},
year = {2021},
doi = {10.1073/pnas.2104652118},
}

