@article{block2014,
  author = {Martin M. Block and Loyal Durand and Phuoc Ha},
  title = {{Connection of the virtual $\gamma^* p$ cross section of $ep$ deep
    inelastic scattering to real $\gamma p$ scattering, and the implications
    for $\nu N$ and $ep$ total cross sections}},
  journal = {Phys. Rev. D},
  volume = 89,
  pages = {094027},
  year = 2014
}

@article{block2013b,
  title = {{Implications of a Froissart bound saturation of $\gamma^* p$ deep
    inelastic scattering. Part II. Ultra-high energy neutrino interactions}},
  author = {Martin M. Block and Loyal Durand and Phuoc Ha and Douglas W. McKay},
  journal = {Phys. Rev. D},
  volume = 88,
  pages = {014006},
  year = 2013
}

@article{block2013a,
  title = {{Implications of a Froissart bound saturation of $\gamma^* p$ deep
    inelastic scattering. Part I. Quark distributions at ultra small $x$}},
  author = {Martin M. Block and Loyal Durand and Phuoc Ha and Douglas W. McKay},
  journal = {Phys. Rev. D},
  volume = 88,
  pages = {013003},
  year = 2013
}

@misc{bodek2021,
  title = {Inelastic Axial and Vector Structure Functions for Lepton-Nucleon Scattering 2021 Update},
  author = {Arie Bodek and Un Ki Yang and Yang Xu},
  journal = {Submitted to Eur. Phys. J. C},
  year = 2021,
  eprint = {2108.09240},
  eprintclass = {hep-ph},
  eprinttype = {arXiv}
}
