@article{bibtest, 
    author="Pascal",
    title="test title"
}
@book{b2, 
    year="2020"
}